@online{Enunciado do projeto,
	author={Universidade de Aveiro},
	title={Trabalho de aprofundamento 2},
	url={https://elearning.ua.pt/pluginfile.php/430960/mod_resource/content/13/ap2-2021.pdf},
	year={2020/2021},
}
