@online{crispr,
    title     = "CRISPR, the disruptor",
    url       = "https://www.nature.com/news/crispr-the-disruptor-1.17673",
    keywords  = "CRISPR"
}





@misc{CRISPR,
  title = {CRISPR, the disruptor},
  howpublished = {\https://www.nature.com/news/crispr-the-disruptor-1.17673},
  note = {Acedido a: 2020-12-19}
}
@misc{crispr,
  title = {Inhibition of CRISPR-Cas9 with Bacteriophage Proteins},
  howpublished = {https://www.sciencedirect.com/science/article/pii/S009286741631683X}},
  note = {Acedido a: 2020-12-19}
}

@misc{crispr2,
  title = {CRISPR/Cas},
  howpublished = {\url{https://pt.wikipedia.org/wiki/CRISPR/Cas}},
  note = {Acedido a: 2020-12-19}
}

@misc{crispr3,
  title = {CRISPR},
  howpublished ={\url{https://pt.wikipedia.org/wiki/CRISPR}},
  note = {Acedido a: 2020-12-19}
}

@misc{Cas9 4,
  title = {Cas9},
  howpublished ={\url {https://www.nature.com/articles/s41592-019-0642-1}},
  note = {Acedido a: 2020-12-19}
}

@misc{class 2,
  title = {Diversity and evolution of class 2 CRISPRâ€“Cas systems},
  howpublished = {\url{https://www.ncbi.nlm.nih.gov/pmc/articles/PMC5851899/}},
  note = {Acedido a: 2020-12-19}
}